[gd_scene load_steps=9 format=2]

[ext_resource path="res://Scripts/Reaction.gd" type="Script" id=1]
[ext_resource path="res://Scenes/Levels/Stage1.tscn" type="PackedScene" id=2]
[ext_resource path="res://Scripts/BattleScene.gd" type="Script" id=3]
[ext_resource path="res://Scripts/Stats.gd" type="Script" id=4]
[ext_resource path="res://Scripts/Player.tres" type="Resource" id=5]
[ext_resource path="res://Scripts/Action.gd" type="Script" id=6]
[ext_resource path="res://Scenes/UI/BattleMenu.tscn" type="PackedScene" id=7]
[ext_resource path="res://Scenes/Levels/PlayerControl.gd" type="Script" id=8]

[node name="BattleScene" type="Node2D"]
script = ExtResource( 3 )

[node name="Stage1" parent="." instance=ExtResource( 2 )]

[node name="Player" type="Node" parent="."]
script = ExtResource( 8 )

[node name="Stats" type="Node" parent="Player"]
script = ExtResource( 4 )
baseStats = ExtResource( 5 )

[node name="Action" type="Node" parent="Player"]
script = ExtResource( 6 )

[node name="Reaction" type="Node" parent="Player"]
script = ExtResource( 1 )

[node name="Menu" parent="Player" instance=ExtResource( 7 )]
margin_left = 16.0
margin_top = 256.0
margin_right = 560.0
margin_bottom = 320.0

[connection signal="death" from="Stage1" to="." method="_on_Stage1_death"]
[connection signal="enemyActionDone" from="Stage1" to="." method="_on_Stage1_enemyActionDone"]
[connection signal="sendMessageToPlayer" from="Stage1" to="." method="_on_Stage1_sendMessageToPlayer"]
[connection signal="death" from="Player" to="." method="_on_Player_death"]
[connection signal="playerActionDone" from="Player" to="." method="_on_Player_playerActionDone"]
[connection signal="playerInputSignal" from="Player/Menu" to="Player" method="_on_Menu_playerInputSignal"]
