[gd_scene load_steps=31 format=2]

[ext_resource path="res://Scripts/Stats.gd" type="Script" id=1]
[ext_resource path="res://Assets/craftpix-net-647526-free-3-cyberpunk-characters-pixel-art/1 Biker/Biker_idle.png" type="Texture" id=2]
[ext_resource path="res://Assets/craftpix-net-647526-free-3-cyberpunk-characters-pixel-art/1 Biker/Biker_attack1.png" type="Texture" id=3]
[ext_resource path="res://Assets/craftpix-net-647526-free-3-cyberpunk-characters-pixel-art/1 Biker/Biker_hurt.png" type="Texture" id=4]
[ext_resource path="res://Scripts/MC.tres" type="Resource" id=5]
[ext_resource path="res://Scripts/Reaction.gd" type="Script" id=6]
[ext_resource path="res://Scenes/UI/Health.tscn" type="PackedScene" id=7]
[ext_resource path="res://Scripts/Action.gd" type="Script" id=8]
[ext_resource path="res://Scenes/Levels/EnemyControl.gd" type="Script" id=9]
[ext_resource path="res://Assets/craftpix-net-647526-free-3-cyberpunk-characters-pixel-art/1 Biker/Biker_death.png" type="Texture" id=10]

[sub_resource type="AtlasTexture" id=1]
flags = 4
atlas = ExtResource( 2 )
region = Rect2( 0, 0, 48, 48 )

[sub_resource type="AtlasTexture" id=2]
flags = 4
atlas = ExtResource( 2 )
region = Rect2( 48, 0, 48, 48 )

[sub_resource type="AtlasTexture" id=3]
flags = 4
atlas = ExtResource( 2 )
region = Rect2( 96, 0, 48, 48 )

[sub_resource type="AtlasTexture" id=4]
flags = 4
atlas = ExtResource( 2 )
region = Rect2( 144, 0, 48, 48 )

[sub_resource type="AtlasTexture" id=5]
flags = 4
atlas = ExtResource( 4 )
region = Rect2( 0, 0, 48, 48 )

[sub_resource type="AtlasTexture" id=6]
flags = 4
atlas = ExtResource( 4 )
region = Rect2( 48, 0, 48, 48 )

[sub_resource type="AtlasTexture" id=7]
flags = 4
atlas = ExtResource( 3 )
region = Rect2( 0, 0, 48, 48 )

[sub_resource type="AtlasTexture" id=8]
flags = 4
atlas = ExtResource( 3 )
region = Rect2( 48, 0, 48, 48 )

[sub_resource type="AtlasTexture" id=9]
flags = 4
atlas = ExtResource( 3 )
region = Rect2( 96, 0, 48, 48 )

[sub_resource type="AtlasTexture" id=10]
flags = 4
atlas = ExtResource( 3 )
region = Rect2( 144, 0, 48, 48 )

[sub_resource type="AtlasTexture" id=11]
flags = 4
atlas = ExtResource( 3 )
region = Rect2( 192, 0, 48, 48 )

[sub_resource type="AtlasTexture" id=12]
flags = 4
atlas = ExtResource( 3 )
region = Rect2( 240, 0, 48, 48 )

[sub_resource type="AtlasTexture" id=13]
flags = 4
atlas = ExtResource( 10 )
region = Rect2( 0, 0, 48, 48 )

[sub_resource type="AtlasTexture" id=14]
flags = 4
atlas = ExtResource( 10 )
region = Rect2( 48, 0, 48, 48 )

[sub_resource type="AtlasTexture" id=15]
flags = 4
atlas = ExtResource( 10 )
region = Rect2( 96, 0, 48, 48 )

[sub_resource type="AtlasTexture" id=16]
flags = 4
atlas = ExtResource( 10 )
region = Rect2( 144, 0, 48, 48 )

[sub_resource type="AtlasTexture" id=17]
flags = 4
atlas = ExtResource( 10 )
region = Rect2( 192, 0, 48, 48 )

[sub_resource type="AtlasTexture" id=18]
flags = 4
atlas = ExtResource( 10 )
region = Rect2( 240, 0, 48, 48 )

[sub_resource type="AtlasTexture" id=19]
flags = 4
atlas = ExtResource( 10 )
region = Rect2( 240, 0, 48, 48 )

[sub_resource type="SpriteFrames" id=20]
animations = [ {
"frames": [ SubResource( 1 ), SubResource( 2 ), SubResource( 3 ), SubResource( 4 ) ],
"loop": true,
"name": "idle",
"speed": 5.0
}, {
"frames": [ SubResource( 5 ), SubResource( 6 ) ],
"loop": true,
"name": "hurt",
"speed": 5.0
}, {
"frames": [ SubResource( 7 ), SubResource( 8 ), SubResource( 9 ), SubResource( 10 ), SubResource( 11 ), SubResource( 12 ) ],
"loop": true,
"name": "attack1",
"speed": 15.0
}, {
"frames": [ SubResource( 13 ), SubResource( 14 ), SubResource( 15 ), SubResource( 16 ), SubResource( 17 ), SubResource( 18 ) ],
"loop": true,
"name": "die",
"speed": 5.0
}, {
"frames": [ SubResource( 19 ) ],
"loop": true,
"name": "die_idle",
"speed": 5.0
} ]

[node name="Enemy" type="Position2D"]
script = ExtResource( 9 )

[node name="Sprite" type="AnimatedSprite" parent="."]
frames = SubResource( 20 )
animation = "idle"
frame = 3
playing = true

[node name="Stats" type="Node" parent="."]
script = ExtResource( 1 )
baseStats = ExtResource( 5 )

[node name="Action" type="Node" parent="."]
script = ExtResource( 8 )

[node name="Reaction" type="Node" parent="."]
script = ExtResource( 6 )

[node name="HealthUI" parent="." instance=ExtResource( 7 )]
margin_left = -37.1914
margin_top = -23.8597
margin_right = 236.809
margin_bottom = 1.14031
